date,price,unitsordered,sales,cogs,fba,reffee,adspend,profit,comp_1_price,comp_2_price,comp_data_min_price,comp_data_max_price,managed_fba_stock_level,min_price,max_price
1/1/2022,31.89,9,287,113,71,43,0,60,29.99,41.39,29.99,41.39,,26.99,32.99
1/2/2022,31.89,12,383,150,95,57,0,81,29.99,41.39,29.99,41.39,,26.99,32.99
1/3/2022,31.49,39,1228,489,308,184,0,247,29.99,41.39,29.99,41.39,,26.99,32.99
1/4/2022,29.89,35,1046,439,277,157,0,173,29.99,41.39,29.99,41.39,,26.99,32.99
1/5/2022,31.79,47,1494,589,372,224,0,309,29.99,41.39,29.99,41.39,,26.99,32.99
1/6/2022,31.79,56,1780,702,443,267,0,368,29.99,41.39,29.99,41.39,,26.99,32.99
1/7/2022,31.89,22,702,276,174,105,0,147,29.99,41.39,29.99,41.39,,26.99,32.99
1/8/2022,31.89,8,255,100,63,38,0,54,29.99,41.39,29.99,41.39,,26.99,32.99
1/9/2022,31.99,5,160,63,40,24,0,33,29.99,41.39,29.99,41.39,,26.99,32.99
1/10/2022,31.79,30,954,376,237,143,0,198,29.99,41.39,29.99,41.39,,26.99,32.99
1/11/2022,31.69,45,1426,564,356,214,0,292,29.99,41.39,29.99,41.39,,26.99,32.99
1/12/2022,31.69,36,1141,451,285,171,0,234,29.99,41.39,29.99,41.39,,26.99,32.99
1/13/2022,31.59,26,821,326,206,123,0,166,29.99,41.39,29.99,41.39,,26.99,32.99
1/14/2022,31.79,25,795,313,198,119,0,165,29.99,41.39,29.99,41.39,,26.99,32.99
1/15/2022,31.99,7,224,88,55,34,0,47,29.99,41.39,29.99,41.39,,26.99,32.99
1/16/2022,31.99,7,224,88,55,34,0,47,29.99,41.39,29.99,41.39,,26.99,32.99
1/17/2022,30.89,34,1050,426,269,158,0,197,29.99,41.39,29.99,41.39,,26.99,32.99
1/18/2022,31.89,25,797,313,198,120,0,166,29.99,41.39,29.99,41.39,,26.99,32.99
1/19/2022,31.69,32,1014,401,253,152,0,208,29.99,41.39,29.99,41.39,,26.99,32.99
1/20/2022,31.79,40,1272,501,316,191,0,264,29.99,41.39,29.99,41.39,,26.99,32.99
1/21/2022,31.69,38,1204,476,301,181,0,246,29.99,41.39,29.99,41.39,,26.99,32.99
1/22/2022,31.99,5,160,63,40,24,0,33,29.99,41.39,29.99,41.39,,26.99,32.99
1/23/2022,31.99,16,512,200,127,77,0,108,29.99,41.39,29.99,41.39,,26.99,32.99
1/24/2022,31.79,44,1399,551,348,210,0,290,29.99,41.39,29.99,41.39,,26.99,32.99
1/25/2022,31.69,36,1141,451,285,171,0,234,29.99,41.39,29.99,41.39,,26.99,32.99
1/26/2022,31.59,21,663,263,166,99,0,135,29.99,41.39,29.99,41.39,,26.99,32.99
1/27/2022,31.69,34,1077,426,269,162,0,220,29.99,41.39,29.99,41.39,,26.99,32.99
1/28/2022,31.59,56,1769,702,443,265,0,359,29.99,41.39,29.99,41.39,,26.99,32.99
1/29/2022,31.99,2,64,25,16,10,0,13,29.99,41.39,29.99,41.39,,26.99,32.99
1/30/2022,31.99,16,512,200,127,77,0,108,29.99,41.39,29.99,41.39,,26.99,32.99
1/31/2022,31.59,38,1200,476,301,180,0,243,29.99,40,29.99,40,,26.99,32.99
2/1/2022,31.79,38,1208,476,301,181,0,250,29.99,40,29.99,40,,26.99,32.99
2/2/2022,31.69,36,1141,451,285,171,0,234,29.99,40,29.99,40,,26.99,32.99
2/3/2022,31.59,20,632,251,158,95,0,128,29.99,40,29.99,40,,26.99,32.99
2/4/2022,31.79,14,445,175,111,67,0,92,29.99,40,29.99,40,,26.99,32.99
2/5/2022,31.99,7,224,88,55,34,0,47,29.99,40,29.99,40,,26.99,32.99
2/6/2022,28.39,9,256,113,71,38,0,34,29.99,40,29.99,40,,26.99,32.99
2/7/2022,31.69,28,887,351,221,133,0,182,29.99,40,29.99,40,,26.99,32.99
2/8/2022,31.79,27,858,338,214,129,0,177,29.99,40,29.99,40,,26.99,32.99
2/9/2022,31.79,29,922,363,229,138,0,192,29.99,40,29.99,40,,26.99,32.99
2/10/2022,31.39,26,816,326,206,122,0,162,29.99,40,29.99,40,,26.99,32.99
2/11/2022,31.69,18,570,226,142,86,0,116,29.99,40,29.99,40,,26.99,32.99
2/12/2022,31.99,7,224,88,55,34,0,47,29.99,40,29.99,40,,26.99,32.99
2/13/2022,31.99,28,896,351,221,134,0,190,29.99,40,29.99,40,,26.99,32.99
2/14/2022,30.49,28,854,351,221,128,0,154,29.99,41.39,29.99,41.39,,26.99,32.99
2/15/2022,31.79,31,985,388,245,148,0,204,29.99,41.39,29.99,41.39,,26.99,32.99
2/16/2022,31.79,36,1144,451,285,172,0,236,29.99,41.39,29.99,41.39,,26.99,32.99
2/17/2022,31.89,23,733,288,182,110,0,153,29.99,41.39,29.99,41.39,,26.99,32.99
2/18/2022,31.69,14,444,175,111,67,0,91,29.99,41.39,29.99,41.39,,26.99,32.99
2/19/2022,28.89,28,809,351,221,121,0,116,29.99,41.39,29.99,41.39,,26.99,32.99
2/20/2022,32.39,7,227,88,55,34,0,50,29.99,41.39,29.99,41.39,,26.99,32.99
2/21/2022,32.49,28,910,351,221,136,0,202,29.99,41.39,29.99,41.39,,26.99,32.99
2/22/2022,30.69,44,1350,551,348,202,0,249,29.99,41.39,29.99,41.39,,26.99,32.99
2/23/2022,31.59,27,853,338,214,128,0,173,29.99,41.39,29.99,41.39,,26.99,32.99
2/24/2022,31.49,30,945,376,237,142,0,190,29.99,41.39,29.99,41.39,,26.99,32.99
2/25/2022,30.99,24,744,301,190,112,0,141,29.99,41.39,29.99,41.39,,26.99,32.99
2/26/2022,30.99,6,186,75,47,28,0,36,29.99,41.39,29.99,41.39,,26.99,32.99
2/27/2022,21.09,15,316,188,119,47,0,-38,29.99,41.39,29.99,41.39,,26.99,32.99
2/28/2022,30.99,50,1550,626,396,232,0,296,29.99,41.39,29.99,41.39,,26.99,32.99
3/1/2022,30.99,59,1828,739,467,274,0,348,29.99,41.39,29.99,41.39,,26.99,32.99
3/2/2022,30.99,42,1302,526,332,195,0,249,29.99,41.39,29.99,41.39,,26.99,32.99
3/3/2022,30.99,44,1364,551,348,205,0,260,29.99,41.39,29.99,41.39,,26.99,32.99
3/4/2022,30.99,22,682,276,174,102,0,130,29.99,41.39,29.99,41.39,,26.99,32.99
3/5/2022,30.99,4,124,50,32,19,0,23,29.99,41.39,29.99,41.39,,26.99,32.99
3/6/2022,30.99,11,341,138,87,51,0,65,29.99,41.39,29.99,41.39,,26.99,32.99
3/7/2022,30.99,31,961,388,245,144,0,184,29.99,41.39,29.99,41.39,,26.99,32.99
3/8/2022,30.99,26,806,326,206,121,0,153,29.99,41.39,29.99,41.39,,26.99,32.99
3/9/2022,30.99,38,1178,476,301,177,0,224,29.99,41.39,29.99,41.39,,26.99,32.99
3/10/2022,30.99,73,2262,915,577,339,32,399,29.99,41.39,29.99,41.39,,26.99,32.99
3/11/2022,30.99,14,434,175,111,65,19,64,29.99,41.39,29.99,41.39,,26.99,32.99
3/12/2022,30.99,9,279,113,71,42,15,38,29.99,41.39,29.99,41.39,,26.99,32.99
3/13/2022,30.99,8,248,100,63,37,19,29,29.99,41.39,29.99,41.39,,26.99,32.99
3/14/2022,30.99,30,930,376,237,140,20,157,29.99,41.39,29.99,41.39,,26.99,32.99
3/15/2022,30.99,50,1550,626,396,232,50,246,29.99,41.39,29.99,41.39,,26.99,32.99
3/16/2022,30.99,26,806,326,206,121,28,125,29.99,41.39,29.99,41.39,,26.99,32.99
3/17/2022,30.19,65,1962,814,514,294,33,307,29.99,41.39,29.99,41.39,,26.99,32.99
3/18/2022,29.79,35,1043,439,277,156,17,154,29.99,41.39,29.99,41.39,,26.99,32.99
3/19/2022,29.99,7,210,88,55,32,14,21,29.99,41.39,29.99,41.39,,26.99,32.99
3/20/2022,29.89,20,598,251,158,90,4,95,29.99,41.39,29.99,41.39,,26.99,32.99
3/21/2022,29.49,29,855,363,229,128,37,98,29.99,59.98,29.99,59.98,,26.99,32.99
3/22/2022,29.79,33,983,413,261,147,39,123,29.99,59.98,29.99,59.98,,26.99,32.99
3/23/2022,29.79,27,804,338,214,121,41,90,29.99,59.98,29.99,59.98,,26.99,32.99
3/24/2022,29.69,21,623,263,166,93,35,66,29.99,59.98,29.99,59.98,,26.99,32.99
3/25/2022,29.79,32,953,401,253,143,29,127,29.99,59.98,29.99,59.98,,26.99,32.99
3/26/2022,29.79,9,268,113,71,40,3,41,29.99,59.98,29.99,59.98,,26.99,32.99
3/27/2022,29.99,5,150,63,40,22,3,22,29.99,59.98,29.99,59.98,,26.99,32.99
3/28/2022,29.89,12,359,150,95,54,32,28,29.99,59.98,29.99,59.98,,26.99,32.99
3/29/2022,29.69,19,564,238,150,85,20,71,29.99,59.98,29.99,59.98,,26.99,32.99
3/30/2022,29.79,30,894,376,237,134,35,112,29.99,59.98,29.99,59.98,,26.99,32.99
3/31/2022,29.79,21,626,263,166,94,17,86,29.99,59.98,29.99,59.98,,26.99,32.99
4/1/2022,29.89,43,1285,539,340,193,34,179,29.99,59.98,29.99,59.98,,26.99,32.99
4/2/2022,29.99,21,630,263,166,94,7,100,29.99,59.98,29.99,59.98,,26.99,32.99
4/3/2022,29.79,7,209,88,55,31,8,27,29.99,59.98,29.99,59.98,,26.99,32.99
4/4/2022,29.79,62,1847,777,490,277,34,269,29.99,59.98,29.99,59.98,,26.99,32.99
4/5/2022,29.29,54,1582,677,427,237,29,212,29.99,59.98,29.99,59.98,,26.99,32.99
4/6/2022,29.89,25,747,313,198,112,21,103,29.99,59.98,29.99,59.98,,26.99,32.99
4/7/2022,29.89,59,1764,739,467,265,45,248,29.99,59.98,29.99,59.98,,26.99,32.99
4/8/2022,28.69,24,689,301,190,103,16,79,29.99,59.98,29.99,59.98,,26.99,32.99
4/9/2022,29.89,14,418,175,111,63,4,65,29.99,59.98,29.99,59.98,,26.99,32.99
4/10/2022,29.99,5,150,63,40,22,7,18,29.99,59.98,29.99,59.98,,26.99,32.99
4/11/2022,29.89,49,1465,614,388,220,38,205,29.99,59.98,29.99,59.98,,26.99,32.99
4/12/2022,29.49,29,855,363,229,128,23,112,29.99,59.98,29.99,59.98,,26.99,32.99
4/13/2022,29.89,30,897,376,237,135,38,111,29.99,59.98,29.99,59.98,,26.99,32.99
4/14/2022,29.79,27,804,338,214,121,48,83,29.99,59.98,29.99,59.98,,26.99,32.99
4/15/2022,28.49,23,655,288,182,98,28,59,29.99,59.98,29.99,59.98,,26.99,32.99
4/16/2022,29.89,10,299,125,79,45,7,43,29.99,59.98,29.99,59.98,,26.99,32.99
4/17/2022,29.99,3,90,38,24,14,9,5,29.99,59.98,29.99,59.98,,26.99,32.99
4/18/2022,29.89,35,1046,439,277,157,28,145,29.99,59.98,29.99,59.98,1967,26.99,32.99
4/19/2022,29.99,42,1260,526,332,189,23,190,29.99,59.98,29.99,59.98,1967,26.99,32.99
4/20/2022,29.59,39,1154,489,308,173,44,140,29.99,59.98,29.99,59.98,2207,26.99,32.99
4/21/2022,26.59,38,1010,476,301,152,61,20,29.99,59.98,29.99,59.98,2189,26.99,32.99
4/22/2022,29.99,30,900,376,237,135,35,117,29.99,59.98,29.99,59.98,2141,26.99,32.99
4/23/2022,29.99,2,60,25,16,9,10,0,29.99,59.98,29.99,59.98,1693,26.99,32.99
4/24/2022,29.99,5,150,63,40,22,0,25,29.99,59.98,29.99,59.98,1854,26.99,32.99
4/25/2022,29.29,53,1552,664,419,233,33,203,29.99,59.98,29.99,59.98,1839,26.99,32.99
4/26/2022,29.89,21,628,263,166,94,25,80,29.99,59.98,29.99,59.98,1828,26.99,32.99
4/27/2022,29.69,46,1366,576,364,205,71,150,29.99,59.98,29.99,59.98,1817,26.99,32.99
4/28/2022,29.89,60,1793,752,475,269,51,246,29.99,59.98,29.99,59.98,1799,26.99,32.99
4/29/2022,29.89,27,807,338,214,121,38,96,29.99,59.98,29.99,59.98,1959,26.99,32.99
4/30/2022,29.99,2,60,25,16,9,3,7,29.99,59.98,29.99,59.98,1926,26.99,32.99
5/1/2022,29.89,25,747,313,198,112,4,120,29.99,59.98,29.99,59.98,1858,26.99,32.99
5/2/2022,29.69,31,920,388,245,138,28,121,29.99,59.98,29.99,59.98,1833,26.99,32.99
5/3/2022,29.89,40,1196,501,316,179,64,136,29.99,59.98,29.99,59.98,1817,26.99,32.99
5/4/2022,29.89,55,1644,689,435,247,43,230,29.99,59.98,29.99,59.98,1810,26.99,32.99
5/5/2022,29.69,42,1247,526,332,187,74,128,29.99,59.98,29.99,59.98,1784,26.99,32.99
5/6/2022,29.89,47,1405,589,372,211,34,199,29.99,59.98,29.99,59.98,1755,26.99,32.99
5/7/2022,29.99,26,780,326,206,117,14,117,29.99,59.98,29.99,59.98,1709,26.99,32.99
5/8/2022,29.89,7,209,88,55,31,27,8,29.99,59.98,29.99,59.98,1665,26.99,32.99
5/9/2022,29.79,56,1668,702,443,250,78,195,30.99,59.98,30.99,59.98,1634,26.99,32.99
5/10/2022,29.89,35,1046,439,277,157,88,85,30.99,59.98,30.99,59.98,1609,26.99,32.99
5/11/2022,26.79,50,1340,626,396,201,58,59,30.99,59.98,30.99,59.98,1573,26.99,32.99
5/12/2022,28.99,33,957,413,261,144,44,95,30.99,59.98,30.99,59.98,1542,26.99,32.99
5/13/2022,29.79,19,566,238,150,85,33,60,30.99,59.98,30.99,59.98,1503,26.99,32.99
5/14/2022,29.99,24,720,301,190,108,14,107,30.99,59.98,30.99,59.98,1461,26.99,32.99
5/15/2022,29.89,13,389,163,103,58,3,62,30.99,59.98,30.99,59.98,1419,26.99,32.99
5/16/2022,28.79,74,2130,927,585,320,43,255,30.99,59.98,30.99,59.98,1390,26.99,32.99
5/17/2022,29.69,54,1603,677,427,240,52,207,30.99,59.98,30.99,59.98,1373,26.99,32.99
5/18/2022,29.79,43,1281,539,340,192,71,139,30.99,59.98,30.99,59.98,1346,26.99,32.99
5/19/2022,29.59,56,1657,702,443,249,40,223,30.99,59.98,30.99,59.98,1299,26.99,32.99
5/20/2022,29.89,24,717,301,190,108,38,80,30.99,59.98,30.99,59.98,1252,26.99,32.99
5/21/2022,29.99,25,750,313,198,112,6,121,30.99,59.98,30.99,59.98,1194,26.99,32.99
5/22/2022,29.99,4,120,50,32,18,4,16,30.99,59.98,30.99,59.98,1328,26.99,32.99
5/23/2022,29.89,23,687,288,182,103,35,79,30.99,59.98,30.99,59.98,1314,26.99,32.99
5/24/2022,29.89,38,1136,476,301,170,60,129,30.99,59.98,30.99,59.98,1314,26.99,32.99
5/25/2022,29.79,37,1102,464,293,165,38,142,30.99,59.98,30.99,59.98,1266,26.99,32.99
5/26/2022,29.59,27,799,338,214,120,62,65,30.99,59.98,30.99,59.98,1247,26.99,32.99
5/27/2022,29.89,27,807,338,214,121,34,100,30.99,59.98,30.99,59.98,1227,26.99,32.99
5/28/2022,29.99,5,150,63,40,22,0,25,30.99,59.98,30.99,59.98,1182,26.99,32.99
5/29/2022,29.99,26,780,326,206,117,5,126,30.99,59.98,30.99,59.98,1153,26.99,32.99
5/30/2022,29.99,3,90,38,24,14,2,12,30.99,59.98,30.99,59.98,1114,26.99,32.99
5/31/2022,29.09,38,1105,476,301,166,23,139,30.99,59.98,30.99,59.98,1605,26.99,32.99
6/1/2022,27.99,51,1427,639,403,214,73,98,30.99,59.98,30.99,59.98,1589,26.99,32.99
6/2/2022,29.19,69,2014,865,546,302,62,239,30.99,59.98,30.99,59.98,1579,26.99,32.99
6/3/2022,29.89,59,1764,739,467,265,56,237,30.99,59.98,30.99,59.98,1563,26.99,32.99
6/4/2022,29.99,31,930,388,245,140,0,157,30.99,59.98,30.99,59.98,1518,26.99,32.99
6/5/2022,29.99,26,780,326,206,117,5,126,30.99,59.98,30.99,59.98,1460,26.99,32.99
6/6/2022,29.89,37,1106,464,293,166,35,148,30.99,59.98,30.99,59.98,1440,26.99,32.99
6/7/2022,29.79,35,1043,439,277,156,35,136,30.99,59.98,30.99,59.98,1377,26.99,32.99
6/8/2022,29.89,62,1853,777,490,278,86,222,30.99,59.98,30.99,59.98,1332,26.99,32.99
6/9/2022,29.79,29,864,363,229,130,18,124,30.99,59.98,30.99,59.98,1296,26.99,32.99
6/10/2022,29.99,21,630,263,166,94,34,73,30.75,59.98,30.75,59.98,1248,26.99,32.99
6/11/2022,29.69,4,119,50,32,18,3,16,30.75,59.98,30.75,59.98,1204,26.99,32.99
6/12/2022,29.99,29,870,363,229,130,2,146,30.75,59.98,30.75,59.98,1185,26.99,32.99
6/13/2022,28.69,37,1062,464,293,159,36,110,30.75,59.98,30.75,59.98,1172,26.99,32.99
6/14/2022,29.89,26,777,326,206,117,42,86,30.75,59.98,30.75,59.98,1135,26.99,32.99
6/15/2022,29.79,38,1132,476,301,170,48,137,30.75,59.98,30.75,59.98,1118,26.99,32.99
6/16/2022,29.39,31,911,388,245,137,33,108,30.75,59.98,30.75,59.98,1085,26.99,32.99
6/17/2022,29.79,19,566,238,150,85,40,53,30.75,59.98,30.75,59.98,1054,26.99,32.99
6/18/2022,29.99,4,120,50,32,18,0,20,30.75,59.98,30.75,59.98,1118,26.99,32.99
6/19/2022,29.99,8,240,100,63,36,0,41,30.75,59.98,30.75,59.98,1086,26.99,32.99
6/20/2022,29.89,42,1255,526,332,188,48,161,30.99,59.98,30.99,59.98,1080,26.99,32.99
6/21/2022,29.89,51,1524,639,403,229,48,205,30.99,59.98,30.99,59.98,1057,26.99,32.99
6/22/2022,29.79,33,983,413,261,147,62,100,30.99,59.98,30.99,59.98,1117,26.99,32.99
6/23/2022,29.69,29,861,363,229,129,60,80,30.99,59.98,30.99,59.98,1050,26.99,32.99
6/24/2022,29.89,12,359,150,95,54,21,39,30.99,59.98,30.99,59.98,1012,26.99,32.99
6/25/2022,29.99,4,120,50,32,18,6,14,30.99,59.98,30.99,59.98,993,26.99,32.99
6/26/2022,29.99,25,750,313,198,112,0,127,30.99,59.98,30.99,59.98,983,26.99,32.99
6/27/2022,29.89,34,1016,426,269,152,49,120,30.99,59.98,30.99,59.98,975,26.99,32.99
6/28/2022,29.79,45,1341,564,356,201,60,160,30.99,59.98,30.99,59.98,952,26.99,32.99
6/29/2022,29.89,28,837,351,221,126,67,72,30.99,59.98,30.99,59.98,914,26.99,32.99
6/30/2022,29.79,51,1519,639,403,228,57,192,30.99,59.98,30.99,59.98,885,26.99,32.99
7/1/2022,29.69,31,920,388,245,138,32,117,30.99,59.98,30.99,59.98,839,26.99,32.99
7/2/2022,29.99,3,90,38,24,14,2,12,30.99,59.98,30.99,59.98,807,26.99,32.99
7/3/2022,29.99,1,30,13,8,4,0,5,30.99,59.98,30.99,59.98,775,26.99,32.99
7/4/2022,29.89,12,359,150,95,54,4,56,30.99,59.98,30.99,59.98,757,26.99,32.99
7/5/2022,29.59,52,1539,652,411,231,82,163,30.99,59.98,30.99,59.98,735,26.99,32.99
7/6/2022,29.69,51,1514,639,403,227,72,173,30.99,59.98,30.99,59.98,735,26.99,32.99
7/7/2022,29.89,54,1614,677,427,242,74,194,30.99,59.98,30.99,59.98,704,26.99,32.99
7/8/2022,29.89,58,1734,727,459,260,35,253,30.99,59.98,30.99,59.98,657,26.99,32.99
7/9/2022,29.79,5,149,63,40,22,2,22,30.99,59.98,30.99,59.98,615,26.99,32.99
7/10/2022,29.79,33,983,413,261,147,0,162,30.99,59.98,30.99,59.98,567,26.99,32.99
7/11/2022,29.89,37,1106,464,293,166,55,128,30.99,59.98,30.99,59.98,960,26.99,32.99
7/12/2022,29.39,60,1763,752,475,264,62,210,30.99,59.98,30.99,59.98,939,26.99,32.99
7/13/2022,29.89,34,1016,426,269,152,63,106,30.99,59.98,30.99,59.98,895,26.99,32.99
7/14/2022,29.89,26,777,326,206,117,79,49,30.99,59.98,30.99,59.98,873,26.99,32.99
7/15/2022,28.79,28,806,351,221,121,43,70,30.99,59.98,30.99,59.98,856,26.99,32.99
7/16/2022,29.99,6,180,75,47,27,2,29,30.99,59.98,30.99,59.98,835,26.99,32.99
7/17/2022,29.99,7,210,88,55,32,1,34,30.99,59.98,30.99,59.98,809,26.99,32.99
7/18/2022,29.59,39,1154,489,308,173,35,149,30.99,59.98,30.99,59.98,785,26.99,32.99
7/19/2022,29.89,40,1196,501,316,179,40,160,30.99,59.98,30.99,59.98,733,26.99,32.99
7/20/2022,29.09,41,1193,514,324,179,51,125,30.99,59.98,30.99,59.98,695,26.99,32.99
7/21/2022,29.69,23,683,288,182,102,57,54,30.99,59.98,30.99,59.98,660,26.99,32.99
7/22/2022,28.79,28,806,351,221,121,29,84,30.99,59.98,30.99,59.98,620,26.99,32.99
7/23/2022,29.79,6,179,75,47,27,2,28,30.99,59.98,30.99,59.98,575,26.99,32.99
7/24/2022,19.99,3,60,38,24,9,1,-12,30.99,59.98,30.99,59.98,553,26.99,32.99
7/25/2022,29.79,30,894,376,237,134,68,79,30.99,59.98,30.99,59.98,527,26.99,32.99
7/26/2022,29.89,60,1793,752,475,269,62,235,30.99,59.98,30.99,59.98,544,26.99,32.99
7/27/2022,29.59,24,710,301,190,106,57,56,30.99,59.98,30.99,59.98,496,26.99,32.99
7/28/2022,28.79,30,864,376,237,130,57,64,30.99,59.98,30.99,59.98,527,26.99,32.99
7/29/2022,29.79,29,864,363,229,130,53,89,30.99,59.98,30.99,59.98,536,26.99,32.99
7/30/2022,29.89,8,239,100,63,36,1,39,30.99,59.98,30.99,59.98,512,26.99,32.99
7/31/2022,29.99,4,120,50,32,18,2,18,30.99,59.98,30.99,59.98,483,26.99,32.99
8/1/2022,29.79,28,834,351,221,125,53,84,30.99,59.98,30.99,59.98,439,26.99,32.99
8/2/2022,29.69,34,1009,426,269,151,46,117,30.99,59.98,30.99,59.98,1502,26.99,32.99
8/3/2022,29.99,73,2189,915,577,328,56,313,30.99,59.98,30.99,59.98,1486,26.99,32.99
8/4/2022,29.79,30,894,376,237,134,61,86,30.99,59.98,30.99,59.98,1456,26.99,32.99
8/5/2022,29.39,16,470,200,127,70,27,46,30.99,59.98,30.99,59.98,1432,26.99,32.99
8/6/2022,29.99,3,90,38,24,14,1,13,30.99,59.98,30.99,59.98,1392,26.99,32.99
8/7/2022,29.99,37,1110,464,293,166,1,186,30.99,59.98,30.99,59.98,1375,26.99,32.99
8/8/2022,29.89,18,538,226,142,81,37,52,30.99,41.39,30.99,41.39,1702,26.99,32.99
8/9/2022,29.59,32,947,401,253,142,25,126,30.99,41.39,30.99,41.39,1652,26.99,32.99
8/10/2022,29.89,16,478,200,127,72,55,24,30.99,41.39,30.99,41.39,1627,26.99,32.99
8/11/2022,29.89,25,747,313,198,112,52,72,30.99,41.39,30.99,41.39,1611,26.99,32.99
8/12/2022,29.89,19,568,238,150,85,36,59,30.99,41.39,30.99,41.39,1581,26.99,32.99
8/13/2022,29.79,6,179,75,47,27,4,26,30.99,41.39,30.99,41.39,1562,26.99,32.99
8/14/2022,29.89,6,179,75,47,27,1,29,30.99,41.39,30.99,41.39,1553,26.99,32.99
8/15/2022,29.89,24,717,301,190,108,50,68,30.99,41.39,30.99,41.39,1536,26.99,32.99
8/16/2022,29.89,29,867,363,229,130,58,87,30.99,41.39,30.99,41.39,1519,26.99,32.99
8/17/2022,29.89,33,986,413,261,148,76,88,30.99,41.39,30.99,41.39,1506,26.99,32.99
8/18/2022,29.89,27,807,338,214,121,52,82,30.99,41.39,30.99,41.39,1479,26.99,32.99
8/19/2022,29.89,39,1166,489,308,175,51,143,30.99,41.39,30.99,41.39,1446,26.99,32.99
8/20/2022,29.99,2,60,25,16,9,2,8,30.99,41.39,30.99,41.39,1313,26.99,32.99
8/21/2022,29.99,24,720,301,190,108,2,119,30.99,41.39,30.99,41.39,1337,26.99,32.99
8/22/2022,28.49,29,826,363,229,124,48,62,30.99,41.39,30.99,41.39,1350,26.99,32.99
8/23/2022,29.79,42,1251,526,332,188,53,152,30.99,41.39,30.99,41.39,1333,26.99,32.99
8/24/2022,29.89,55,1644,689,435,247,65,208,30.99,59.98,30.99,59.98,1348,26.99,32.99
8/25/2022,29.89,27,807,338,214,121,36,98,30.99,59.98,30.99,59.98,1338,26.99,32.99
8/26/2022,29.79,19,566,238,150,85,34,59,30.99,59.98,30.99,59.98,1292,26.99,32.99
8/27/2022,29.39,2,59,25,16,9,0,9,30.99,59.98,30.99,59.98,1295,26.99,32.99
8/28/2022,29.89,11,329,138,87,49,0,55,30.99,59.98,30.99,59.98,1271,26.99,32.99
8/29/2022,29.89,24,717,301,190,108,45,73,30.99,59.98,30.99,59.98,1267,26.99,32.99
8/30/2022,29.89,28,837,351,221,126,70,69,30.99,41.39,30.99,41.39,1247,26.99,32.99
8/31/2022,29.59,29,858,363,229,129,58,79,30.99,41.39,30.99,41.39,1228,26.99,32.99
9/1/2022,29.89,42,1255,526,332,188,49,160,30.99,41.39,30.99,41.39,1202,26.99,32.99
9/2/2022,29.69,21,623,263,166,93,40,61,30.99,41.39,30.99,41.39,1187,26.99,32.99
9/3/2022,29.59,3,89,38,24,13,3,11,30.99,41.39,30.99,41.39,1151,26.99,32.99
9/4/2022,29.89,26,777,326,206,117,0,128,30.99,41.39,30.99,41.39,1132,26.99,32.99
9/5/2022,29.99,18,540,226,142,81,14,77,30.99,41.39,30.99,41.39,1122,26.99,32.99
9/6/2022,29.49,42,1239,526,332,186,37,158,30.99,41.39,30.99,41.39,1125,26.99,32.99
9/7/2022,29.79,58,1728,727,459,259,83,200,30.99,41.39,30.99,41.39,1097,26.99,32.99
9/8/2022,29.99,19,570,238,150,86,66,30,30.99,41.39,30.99,41.39,1076,26.99,32.99
9/9/2022,27.89,32,892,401,253,134,41,63,30.99,41.39,30.99,41.39,1035,26.99,32.99
9/10/2022,27.99,10,280,125,79,42,4,30,30.99,41.39,30.99,41.39,1035,26.99,32.99
9/11/2022,27.99,28,784,351,221,118,1,93,30.99,41.39,30.99,41.39,1035,26.99,32.99
9/12/2022,27.89,43,1199,539,340,180,64,76,30.99,41.39,30.99,41.39,1035,26.99,32.99
9/13/2022,27.79,44,1223,551,348,183,74,67,30.99,41.39,30.99,41.39,1035,26.99,32.99
9/14/2022,29.09,50,1454,626,396,218,69,145,30.99,41.39,30.99,41.39,1035,26.99,32.99
9/15/2022,29.79,23,685,288,182,103,23,89,30.99,41.39,30.99,41.39,1035,26.99,32.99
9/16/2022,29.79,18,536,226,142,80,43,45,30.99,41.39,30.99,41.39,1035,26.99,32.99
9/17/2022,29.99,2,60,25,16,9,0,10,30.99,41.39,30.99,41.39,1035,26.99,32.99
9/18/2022,29.99,33,990,413,261,148,1,167,30.99,41.39,30.99,41.39,1035,26.99,32.99
9/19/2022,29.69,20,594,251,158,89,38,58,30.99,73.34,30.99,73.34,1035,26.99,32.99
9/20/2022,29.89,43,1285,539,340,193,51,162,30.99,73.34,30.99,73.34,1035,26.99,32.99
9/21/2022,29.89,31,927,388,245,139,76,79,30.99,73.34,30.99,73.34,1035,26.99,32.99
9/22/2022,29.79,30,894,376,237,134,61,86,30.99,66.37,30.99,66.37,1035,26.99,32.99
9/23/2022,24.49,55,1347,689,435,202,32,-11,30.99,66.37,30.99,66.37,914,26.99,32.99
9/24/2022,29.99,6,180,75,47,27,2,29,30.99,66.37,30.99,66.37,777,26.99,32.99
9/25/2022,29.99,25,750,313,198,112,3,124,30.99,66.37,30.99,66.37,2023,26.99,32.99
9/26/2022,29.89,17,508,213,134,76,44,41,30.99,41.39,30.99,41.39,2012,26.99,32.99
9/27/2022,29.89,36,1076,451,285,161,58,121,30.99,41.39,30.99,41.39,1962,26.99,32.99
9/28/2022,29.59,35,1036,439,277,155,80,85,30.99,41.39,30.99,41.39,1948,26.99,32.99
9/29/2022,28.79,30,864,376,237,130,78,43,30.99,41.39,30.99,41.39,1924,26.99,32.99
9/30/2022,29.89,24,717,301,190,108,39,79,30.99,41.39,30.99,41.39,1854,26.99,32.99
10/1/2022,29.89,34,1016,426,269,152,14,155,30.99,41.39,30.99,41.39,1819,26.99,32.99
10/2/2022,29.99,39,1170,489,308,176,3,194,30.99,41.39,30.99,41.39,1795,26.99,32.99
10/3/2022,29.69,60,1781,752,475,267,45,242,30.99,59.88,30.99,59.88,1766,26.99,32.99
10/4/2022,29.89,34,1016,426,269,152,75,94,30.99,59.88,30.99,59.88,1580,26.99,32.99
10/5/2022,29.69,51,1514,639,403,227,102,143,30.99,59.88,30.99,59.88,1680,26.99,32.99
10/6/2022,29.89,49,1465,614,388,220,45,198,30.99,59.88,30.99,59.88,1639,26.99,32.99
10/7/2022,29.69,39,1158,489,308,174,39,148,30.99,59.88,30.99,59.88,1591,26.99,32.99
10/8/2022,29.99,12,360,150,95,54,2,59,30.99,59.88,30.99,59.88,1547,26.99,32.99
10/9/2022,29.99,1,30,13,8,4,5,0,30.99,59.88,30.99,59.88,1517,26.99,32.99
10/10/2022,29.89,29,867,363,229,130,50,95,30.99,59.88,30.99,59.88,1500,26.99,32.99
10/11/2022,29.79,23,685,288,182,103,65,47,30.99,59.88,30.99,59.88,1281,26.99,32.99
10/12/2022,25.29,33,835,413,261,125,97,-61,30.99,41.39,30.99,41.39,1240,26.99,32.99
10/13/2022,29.89,33,986,413,261,148,47,117,30.99,41.39,30.99,41.39,1208,26.99,32.99
10/14/2022,29.59,31,917,388,245,138,33,113,30.99,41.39,30.99,41.39,1195,26.99,32.99
10/15/2022,29.99,9,270,113,71,40,3,43,30.99,41.39,30.99,41.39,1165,26.99,32.99
10/16/2022,29.99,31,930,388,245,140,9,148,30.99,41.39,30.99,41.39,1137,26.99,32.99
10/17/2022,29.19,39,1138,489,308,171,53,117,30.99,59.98,30.99,59.98,1298,26.99,32.99
10/18/2022,29.79,28,834,351,221,125,84,53,30.99,59.98,30.99,59.98,1256,26.99,32.99
10/19/2022,29.79,38,1132,476,301,170,35,150,30.99,59.98,30.99,59.98,1213,26.99,32.99
10/20/2022,29.59,30,888,376,237,133,42,100,30.99,59.98,30.99,59.98,1178,26.99,32.99
10/21/2022,29.79,30,894,376,237,134,35,112,30.99,59.98,30.99,59.98,1145,26.99,32.99
10/22/2022,29.99,6,180,75,47,27,1,30,30.99,59.98,30.99,59.98,1119,26.99,32.99
10/23/2022,29.99,6,180,75,47,27,3,28,30.99,59.98,30.99,59.98,1091,26.99,32.99
10/24/2022,29.79,28,834,351,221,125,34,103,30.99,41.39,30.99,41.39,1077,26.99,32.99
10/25/2022,29.79,24,715,301,190,107,69,48,30.99,41.39,30.99,41.39,1054,26.99,32.99
10/26/2022,29.89,41,1225,514,324,184,48,155,30.99,41.39,30.99,41.39,1034,26.99,32.99
10/27/2022,29.59,40,1184,501,316,178,52,137,30.99,41.39,30.99,41.39,1015,26.99,32.99
10/28/2022,29.79,29,864,363,229,130,54,88,30.99,41.39,30.99,41.39,1001,26.99,32.99
10/29/2022,29.99,28,840,351,221,126,0,142,30.99,41.39,30.99,41.39,1847,26.99,32.99
10/30/2022,29.99,4,120,50,32,18,0,20,30.99,41.39,30.99,41.39,1800,26.99,32.99
10/31/2022,28.99,33,957,413,261,144,65,74,30.99,41.39,30.99,41.39,1779,26.99,32.99
11/1/2022,29.59,48,1420,601,380,213,56,170,30.99,41.39,30.99,41.39,1731,26.99,32.99
11/2/2022,29.79,44,1311,551,348,197,72,143,30.99,41.39,30.99,41.39,1728,26.99,32.99
11/3/2022,29.69,41,1217,514,324,183,51,145,30.99,41.39,30.99,41.39,1692,26.99,32.99
11/4/2022,29.89,54,1614,677,427,242,27,241,30.99,41.39,30.99,41.39,1692,26.99,32.99
11/5/2022,29.99,9,270,113,71,40,4,42,30.99,41.39,30.99,41.39,1692,26.99,32.99
11/6/2022,29.79,11,328,138,87,49,0,54,30.99,41.39,30.99,41.39,1577,26.99,32.99
11/7/2022,29.89,29,867,363,229,130,23,122,30.99,41.39,30.99,41.39,1544,26.99,32.99
11/8/2022,29.49,74,2182,927,585,327,26,317,30.99,41.39,30.99,41.39,1544,26.99,32.99
11/9/2022,29.79,28,834,351,221,125,48,89,30.99,41.39,30.99,41.39,1509,26.99,32.99
11/10/2022,29.89,28,837,351,221,126,57,82,30.99,41.39,30.99,41.39,1480,26.99,32.99
11/11/2022,29.89,28,837,351,221,126,19,120,30.99,41.39,30.99,41.39,1427,26.99,32.99
11/12/2022,29.99,30,900,376,237,135,2,150,30.99,41.39,30.99,41.39,1427,26.99,32.99
11/13/2022,29.99,4,120,50,32,18,3,17,30.99,41.39,30.99,41.39,1356,26.99,32.99
11/14/2022,29.89,35,1046,439,277,157,31,142,30.99,41.39,30.99,41.39,1348,26.99,32.99
11/15/2022,29.89,33,986,413,261,148,47,117,30.99,41.39,30.99,41.39,1313,26.99,32.99
11/16/2022,29.89,28,837,351,221,126,37,102,30.99,41.39,30.99,41.39,1313,26.99,32.99
11/17/2022,29.79,31,923,388,245,138,34,118,30.99,41.39,30.99,41.39,1313,26.99,32.99
11/18/2022,29.79,28,834,351,221,125,21,116,30.99,41.39,30.99,41.39,1404,26.99,32.99
11/19/2022,29.89,9,269,113,71,40,1,44,30.99,41.39,30.99,41.39,1389,26.99,32.99
11/20/2022,29.99,3,90,38,24,14,1,13,30.99,41.39,30.99,41.39,1593,26.99,32.99
11/21/2022,29.79,29,864,363,229,130,45,97,30.99,41.39,30.99,41.39,1582,26.99,32.99
11/22/2022,29.89,26,777,326,206,117,37,91,30.99,41.39,30.99,41.39,1582,26.99,32.99
11/23/2022,23.99,5,120,63,40,18,28,-29,30.99,41.39,30.99,41.39,1582,26.99,32.99
11/24/2022,29.99,11,330,138,87,50,0,55,30.99,41.39,30.99,41.39,1497,26.99,32.99
11/25/2022,29.79,9,268,113,71,40,3,41,30.99,41.39,30.99,41.39,1486,26.99,32.99
11/26/2022,29.99,8,240,100,63,36,0,41,30.99,41.39,30.99,41.39,1486,26.99,32.99
11/27/2022,29.99,29,870,363,229,130,2,146,30.99,41.39,30.99,41.39,1486,26.99,32.99
11/28/2022,28.69,37,1062,464,293,159,42,104,29.99,41.39,29.99,41.39,1486,26.99,32.99
11/29/2022,29.69,44,1306,551,348,196,75,136,29.99,57.2,29.99,57.2,1486,26.99,32.99
11/30/2022,29.89,30,897,376,237,135,56,93,29.99,57.2,29.99,57.2,1401,26.99,32.99
12/1/2022,29.69,57,1692,714,451,254,44,229,29.99,57.2,29.99,57.2,1387,26.99,32.99
12/2/2022,28.79,29,835,363,229,125,32,86,29.99,57.2,29.99,57.2,1355,26.99,32.99
12/3/2022,29.89,12,359,150,95,54,4,56,29.99,57.2,29.99,57.2,1355,26.99,32.99
12/4/2022,29.99,4,120,50,32,18,3,17,29.99,57.2,29.99,57.2,1362,26.99,32.99
12/5/2022,29.29,70,2050,877,554,308,56,255,29.99,57.2,29.99,57.2,1346,26.99,32.99
12/6/2022,28.99,33,957,413,261,144,40,99,29.99,41.39,29.99,41.39,1328,26.99,32.99
12/7/2022,29.79,38,1132,476,301,170,74,111,29.99,41.39,29.99,41.39,1301,26.99,32.99
12/8/2022,29.79,23,685,288,182,103,14,98,29.99,41.39,29.99,41.39,1301,26.99,32.99
12/9/2022,29.49,30,885,376,237,133,30,109,29.99,41.39,29.99,41.39,1301,26.99,32.99
12/10/2022,29.99,9,270,113,71,40,5,41,29.99,41.39,29.99,41.39,1301,26.99,32.99
12/11/2022,29.99,32,960,401,253,144,5,157,29.99,41.39,29.99,41.39,1301,26.99,32.99
12/12/2022,29.79,33,983,413,261,147,50,112,29.99,41.39,29.99,41.39,1301,26.99,32.99
12/13/2022,28.09,18,506,226,142,76,47,15,29.99,41.39,29.99,41.39,1301,26.99,32.99
12/14/2022,29.79,38,1132,476,301,170,40,145,29.99,41.39,29.99,41.39,1304,26.99,32.99
12/15/2022,29.89,33,986,413,261,148,35,129,29.99,41.39,29.99,41.39,1325,26.99,32.99
12/16/2022,27.49,33,907,413,261,136,19,78,29.99,41.39,29.99,41.39,1357,26.99,32.99
12/17/2022,29.89,12,359,150,95,54,7,53,29.99,41.39,29.99,41.39,1326,26.99,32.99
12/18/2022,29.99,6,180,75,47,27,0,31,29.99,41.39,29.99,41.39,1316,26.99,32.99
12/19/2022,29.69,27,802,338,214,120,17,113,29.99,41.39,29.99,41.39,1377,26.99,32.99
12/20/2022,29.79,31,923,388,245,138,30,122,29.99,41.39,29.99,41.39,1345,26.99,32.99
12/21/2022,29.79,18,536,226,142,80,25,63,29.99,41.39,29.99,41.39,1345,26.99,32.99
12/22/2022,29.99,13,390,163,103,58,34,32,29.99,41.39,29.99,41.39,1308,26.99,32.99
12/23/2022,29.79,12,357,150,95,54,3,55,29.99,41.39,29.99,41.39,1335,26.99,32.99
12/24/2022,29.99,3,90,38,24,14,0,14,29.99,41.39,29.99,41.39,1321,26.99,32.99
12/25/2022,29.99,24,720,301,190,108,0,121,29.99,41.39,29.99,41.39,1316,26.99,32.99
12/26/2022,29.89,16,478,200,127,72,8,71,29.99,41.39,29.99,41.39,1294,26.99,32.99
12/27/2022,29.99,17,510,213,134,76,34,53,29.99,41.39,29.99,41.39,1296,26.99,32.99
12/28/2022,29.89,32,956,401,253,143,37,122,29.99,41.39,29.99,41.39,1289,26.99,32.99
12/29/2022,29.89,26,777,326,206,117,45,83,29.99,41.39,29.99,41.39,1274,26.99,32.99
12/30/2022,29.89,19,568,238,150,85,16,79,29.99,41.39,29.99,41.39,1260,26.99,32.99
12/31/2022,29.99,23,690,288,182,104,8,108,29.99,41.39,29.99,41.39,1252,26.99,32.99
1/1/2023,29.79,3,89,38,24,13,3,11,29.99,41.39,29.99,41.39,1227,26.99,32.99
1/2/2023,29.89,23,687,288,182,103,33,81,29.99,41.39,29.99,41.39,1221,26.99,32.99
1/3/2023,29.59,44,1302,551,348,195,60,148,29.99,41.39,29.99,41.39,1221,26.99,32.99
1/4/2023,29.89,52,1554,652,411,233,75,183,29.99,41.39,29.99,41.39,1196,26.99,32.99
1/5/2023,28.89,31,896,388,245,134,49,80,29.99,41.39,29.99,41.39,1153,26.99,32.99
1/6/2023,29.59,29,858,363,229,129,31,106,29.99,41.39,29.99,41.39,1720,26.99,32.99
1/8/2023,29.99,26,780,326,206,117,0,131,29.99,41.39,29.99,41.39,1636,26.99,32.99
1/9/2023,29.89,48,1435,601,380,215,41,198,29.99,41.39,29.99,41.39,1622,26.99,32.99
1/10/2023,29.79,21,626,263,166,94,39,64,29.99,41.39,29.99,41.39,1567,26.99,32.99
1/11/2023,29.59,26,769,326,206,115,40,82,29.99,41.39,29.99,41.39,1514,26.99,32.99
1/12/2023,29.89,37,1106,464,293,166,50,133,29.99,41.39,29.99,41.39,1491,26.99,32.99
1/13/2023,28.89,31,896,388,245,134,40,89,29.99,41.39,29.99,41.39,1461,26.99,32.99
1/14/2023,29.79,6,179,75,47,27,2,28,29.99,41.39,29.99,41.39,1437,26.99,32.99
1/15/2023,29.99,4,120,50,32,18,0,20,29.99,41.39,29.99,41.39,1429,26.99,32.99
1/16/2023,29.89,31,927,388,245,139,14,141,29.99,41.39,29.99,41.39,1418,26.99,32.99
1/17/2023,29.69,32,950,401,253,142,61,93,29.99,41.39,29.99,41.39,1398,26.99,32.99
1/18/2023,29.89,25,747,313,198,112,35,89,29.99,41.39,29.99,41.39,1379,26.99,32.99
1/19/2023,28.99,35,1015,439,277,152,59,88,29.99,41.39,29.99,41.39,1365,26.99,32.99
1/20/2023,27.39,12,329,150,95,49,33,2,29.99,58.81,29.99,58.81,1337,26.99,32.99
1/21/2023,29.99,26,780,326,206,117,7,124,29.99,58.81,29.99,58.81,1270,26.99,32.99
1/22/2023,29.89,6,179,75,47,27,3,27,29.99,58.81,29.99,58.81,1254,26.99,32.99
1/23/2023,29.89,23,687,288,182,103,51,63,29.99,58.81,29.99,58.81,1419,26.99,32.99
1/24/2023,29.89,33,986,413,261,148,60,104,29.99,58.81,29.99,58.81,1386,26.99,32.99
1/25/2023,29.79,17,506,213,134,76,75,8,29.99,58.81,29.99,58.81,1359,26.99,32.99
1/26/2023,28.49,32,912,401,253,137,43,78,29.99,58.81,29.99,58.81,1332,26.99,32.99
1/27/2023,29.89,28,837,351,221,126,32,107,29.99,58.81,29.99,58.81,1849,26.99,32.99
1/28/2023,29.89,6,179,75,47,27,10,20,29.99,58.81,29.99,58.81,1829,26.99,32.99
1/29/2023,29.99,2,60,25,16,9,0,10,29.99,58.81,29.99,58.81,1832,26.99,32.99
1/30/2023,29.89,25,747,313,198,112,39,85,29.99,58.81,29.99,58.81,1814,26.99,32.99
1/31/2023,29.89,21,628,263,166,94,44,61,29.99,58.81,29.99,58.81,1798,26.99,32.99
2/1/2023,28.29,40,1132,501,316,170,54,91,29.99,58.81,29.99,58.81,1782,26.99,32.99
2/2/2023,28.29,40,1132,501,316,170,63,82,29.99,58.81,29.99,58.81,1768,26.99,32.99
2/3/2023,28.29,40,1132,501,316,170,39,106,29.99,58.81,29.99,58.81,1750,26.99,32.99
2/4/2023,28.29,40,1132,501,316,170,1,144,29.99,58.81,29.99,58.81,1715,26.99,32.99
2/5/2023,28.29,40,1132,501,316,170,3,142,29.99,58.81,29.99,58.81,1700,26.99,32.99
2/6/2023,28.29,40,1132,501,316,170,24,121,29.99,58.81,29.99,58.81,1678,26.99,32.99
2/7/2023,29.79,16,477,200,127,72,21,57,29.99,58.81,29.99,58.81,1652,26.99,32.99
2/8/2023,29.79,20,596,251,158,89,44,54,29.99,58.81,29.99,58.81,1608,26.99,32.99
2/9/2023,29.89,20,598,251,158,90,32,67,29.99,58.81,29.99,58.81,1591,26.99,32.99
2/10/2023,29.49,22,649,276,174,97,21,81,29.99,58.81,29.99,58.81,1551,26.99,32.99
2/11/2023,29.79,3,89,38,24,13,7,7,29.99,58.81,29.99,58.81,1553,26.99,32.99
2/12/2023,29.89,6,179,75,47,27,1,29,29.99,58.81,29.99,58.81,1721,26.99,32.99
2/13/2023,29.59,27,799,338,214,120,43,84,29.99,58.81,29.99,58.81,1709,26.99,32.99
2/14/2023,29.59,27,799,338,214,120,41,86,29.99,58.81,29.99,58.81,1700,26.99,32.99
2/15/2023,29.79,23,685,288,182,103,53,59,29.99,58.81,29.99,58.81,1682,26.99,32.99
2/16/2023,29.79,27,804,338,214,121,61,70,29.99,58.81,29.99,58.81,1682,26.99,32.99
2/17/2023,29.89,14,418,175,111,63,28,41,29.99,58.81,29.99,58.81,1682,26.99,32.99
2/18/2023,29.59,3,89,38,24,13,6,8,29.99,58.81,29.99,58.81,1682,26.99,32.99
2/19/2023,29.99,27,810,338,214,122,0,136,29.99,58.81,29.99,58.81,1957,26.99,32.99
2/20/2023,29.89,17,508,213,134,76,18,67,29.99,58.81,29.99,58.81,1957,26.99,32.99
2/21/2023,29.79,22,655,276,174,98,28,79,29.99,58.81,29.99,58.81,1957,26.99,32.99
2/22/2023,28.89,31,896,388,245,134,23,106,29.99,58.81,29.99,58.81,1957,26.99,32.99
2/23/2023,29.79,16,477,200,127,72,7,71,29.99,58.81,29.99,58.81,1957,26.99,32.99
2/24/2023,29.89,17,508,213,134,76,5,80,29.99,58.81,29.99,58.81,1957,26.99,32.99
2/25/2023,29.89,5,149,63,40,22,6,18,29.99,58.81,29.99,58.81,1814,26.99,32.99
2/26/2023,29.99,3,90,38,24,14,5,9,29.99,58.81,29.99,58.81,1812,26.99,32.99
2/27/2023,29.89,20,598,251,158,90,21,78,29.99,58.81,29.99,58.81,1799,26.99,32.99
2/28/2023,29.79,18,536,226,142,80,38,50,29.99,58.81,29.99,58.81,1786,26.99,32.99
3/1/2023,28.39,23,653,288,182,98,49,36,29.99,58.81,29.99,58.81,1762,26.99,32.99
3/2/2023,27.99,43,1204,539,340,181,24,120,29.99,58.81,29.99,58.81,1748,26.99,32.99
3/3/2023,29.69,43,1277,539,340,192,32,174,29.99,57.48,29.99,57.48,1729,26.99,32.99
3/4/2023,29.89,7,209,88,55,31,16,19,29.99,57.48,29.99,57.48,1691,26.99,32.99
3/5/2023,29.89,37,1106,464,293,166,7,176,29.99,57.48,29.99,57.48,1679,26.99,32.99
3/6/2023,27.89,15,418,188,119,63,16,32,29.99,57.48,29.99,57.48,1649,26.99,32.99
3/7/2023,29.69,35,1039,439,277,156,29,138,29.99,57.48,29.99,57.48,1617,26.99,32.99
3/8/2023,29.49,21,619,263,166,93,47,50,29.99,57.48,29.99,57.48,1589,26.99,32.99
3/9/2023,29.79,16,477,200,127,72,40,38,29.99,57.48,29.99,57.48,1565,26.99,32.99
3/10/2023,29.69,14,416,175,111,62,25,43,29.99,58.81,29.99,58.81,1548,26.99,32.99
3/11/2023,29.99,10,300,125,79,45,5,46,29.99,58.81,29.99,58.81,1533,26.99,32.99
3/12/2023,29.99,10,300,125,79,45,6,45,29.99,58.81,29.99,58.81,1513,26.99,32.99
3/13/2023,29.89,32,956,401,253,143,18,141,29.99,58.81,29.99,58.81,1488,26.99,32.99
3/14/2023,29.79,18,536,226,142,80,29,59,29.99,58.81,29.99,58.81,1480,26.99,32.99
3/15/2023,29.79,23,685,288,182,103,16,96,29.99,58.81,29.99,58.81,1456,26.99,32.99
3/16/2023,29.99,20,600,251,158,90,28,73,29.99,58.81,29.99,58.81,1442,26.99,32.99
3/17/2023,29.89,26,777,326,206,117,12,116,29.99,58.81,29.99,58.81,1412,26.99,32.99
3/18/2023,29.99,26,780,326,206,117,3,128,29.99,58.81,29.99,58.81,1401,26.99,32.99
3/19/2023,29.99,6,180,75,47,27,0,31,29.99,58.81,29.99,58.81,1389,26.99,32.99
3/20/2023,29.79,22,655,276,174,98,14,93,29.99,58.81,29.99,58.81,1366,26.99,32.99
3/21/2023,29.89,22,658,276,174,99,35,74,29.99,58.81,29.99,58.81,1355,26.99,32.99
3/22/2023,29.89,22,658,276,174,99,24,85,29.99,58.81,29.99,58.81,1335,26.99,32.99
3/23/2023,29.89,19,568,238,150,85,24,71,29.99,58.81,29.99,58.81,1313,26.99,32.99
3/24/2023,29.89,25,747,313,198,112,32,92,29.99,61.6,29.99,61.6,1288,26.99,32.99
3/25/2023,29.89,6,179,75,47,27,11,19,29.99,61.6,29.99,61.6,1277,26.99,32.99
3/26/2023,29.79,5,149,63,40,22,1,23,29.99,61.6,29.99,61.6,1267,26.99,32.99
3/27/2023,29.89,41,1225,514,324,184,7,196,29.99,61.6,29.99,61.6,1256,26.99,32.99
3/28/2023,29.89,15,448,188,119,67,33,41,29.99,61.6,29.99,61.6,1237,26.99,32.99
3/29/2023,29.89,25,747,313,198,112,50,74,29.99,61.6,29.99,61.6,1189,26.99,32.99
3/30/2023,29.49,28,826,351,221,124,35,95,29.99,61.6,29.99,61.6,1167,26.99,32.99
3/31/2023,29.89,15,448,188,119,67,28,46,29.99,61.6,29.99,61.6,1141,26.99,32.99
4/1/2023,28.89,8,231,100,63,35,8,25,29.99,61.6,29.99,61.6,1121,26.99,32.99
4/2/2023,29.99,29,870,363,229,130,12,136,29.99,61.6,29.99,61.6,1113,26.99,32.99
4/3/2023,29.79,42,1251,526,332,188,28,177,29.99,61.6,29.99,61.6,1078,26.99,32.99
4/4/2023,29.09,39,1135,489,308,170,43,125,29.99,61.6,29.99,61.6,1059,26.99,32.99
4/5/2023,29.79,22,655,276,174,98,43,64,29.99,61.6,29.99,61.6,1418,26.99,32.99
4/6/2023,29.89,48,1435,601,380,215,53,186,29.99,61.6,29.99,61.6,1387,26.99,32.99
4/7/2023,29.79,19,566,238,150,85,36,57,29.99,58.81,29.99,58.81,1375,26.99,32.99
4/8/2023,29.99,4,120,50,32,18,9,11,29.99,58.81,29.99,58.81,1532,26.99,32.99
4/9/2023,29.99,9,270,113,71,40,19,27,29.99,58.81,29.99,58.81,1522,26.99,32.99
4/10/2023,29.89,51,1524,639,403,229,23,230,29.99,58.81,29.99,58.81,2001,26.99,32.99
4/11/2023,29.89,25,747,313,198,112,59,65,29.99,58.81,29.99,58.81,1962,26.99,32.99
4/12/2023,29.89,24,717,301,190,108,44,74,29.99,58.81,29.99,58.81,1922,26.99,32.99
4/13/2023,29.89,25,747,313,198,112,34,90,29.99,58.81,29.99,58.81,1903,26.99,32.99
4/14/2023,29.69,16,475,200,127,71,18,59,29.99,58.81,29.99,58.81,1885,26.99,32.99
4/15/2023,29.89,10,299,125,79,45,3,47,29.99,58.81,29.99,58.81,1868,26.99,32.99
4/16/2023,29.99,29,870,363,229,130,9,139,29.99,58.81,29.99,58.81,1844,26.99,32.99
4/17/2023,29.79,29,864,363,229,130,30,112,29.99,58.81,29.99,58.81,2538,26.99,32.99
4/18/2023,29.89,19,568,238,150,85,20,75,29.99,58.81,29.99,58.81,2524,26.99,32.99
4/19/2023,29.39,29,852,363,229,128,24,108,29.99,58.81,29.99,58.81,2501,26.99,32.99
4/20/2023,29.79,16,477,200,127,72,31,47,29.99,58.81,29.99,58.81,2469,26.99,32.99
4/21/2023,29.39,35,1029,439,277,154,40,119,29.99,58.81,29.99,58.81,2445,26.99,32.99
4/22/2023,29.99,6,180,75,47,27,0,31,29.99,58.81,29.99,58.81,2434,26.99,32.99
4/23/2023,29.99,6,180,75,47,27,11,20,29.99,58.81,29.99,58.81,2424,26.99,32.99
4/24/2023,28.89,31,896,388,245,134,26,103,29.99,58.81,29.99,58.81,2237,26.99,32.99
4/25/2023,29.89,18,538,226,142,81,15,74,29.99,58.81,29.99,58.81,2225,26.99,32.99
4/26/2023,29.29,22,644,276,174,97,14,83,29.99,58.81,29.99,58.81,2031,26.99,32.99
4/27/2023,29.89,13,389,163,103,58,18,47,29.99,58.81,29.99,58.81,2015,26.99,32.99
4/28/2023,29.39,16,470,200,127,70,12,61,29.99,58.81,29.99,58.81,2142,26.99,32.99
4/29/2023,29.99,24,720,301,190,108,4,117,29.99,58.81,29.99,58.81,2129,26.99,32.99
4/30/2023,29.99,4,120,50,32,18,14,6,29.99,58.81,29.99,58.81,2124,26.99,32.99
5/1/2023,29.89,29,867,363,229,130,29,116,29.99,58.81,29.99,58.81,2096,26.99,32.99
5/2/2023,29.89,36,1076,451,285,161,36,143,29.99,58.81,29.99,58.81,2095,26.99,32.99
5/3/2023,29.89,27,807,338,214,121,30,104,29.99,58.81,29.99,58.81,2070,26.99,32.99
5/4/2023,28.99,33,957,413,261,144,31,108,29.99,58.81,29.99,58.81,2041,26.99,32.99
5/5/2023,29.79,21,626,263,166,94,30,73,29.99,58.81,29.99,58.81,2021,26.99,32.99
5/6/2023,29.99,11,330,138,87,50,4,51,29.99,58.81,29.99,58.81,2147,26.99,32.99
5/7/2023,29.99,4,120,50,32,18,2,18,29.99,58.81,29.99,58.81,2137,26.99,32.99
5/8/2023,29.79,19,566,238,150,85,29,64,29.99,58.81,29.99,58.81,2208,26.99,32.99
5/9/2023,29.79,20,596,251,158,89,25,73,29.99,58.81,29.99,58.81,2201,26.99,32.99
5/10/2023,29.69,26,772,326,206,116,27,97,29.99,58.81,29.99,58.81,2196,26.99,32.99
5/11/2023,29.69,21,623,263,166,93,27,74,29.99,58.81,29.99,58.81,2521,26.99,32.99
5/12/2023,29.79,10,298,125,79,45,13,36,29.99,59.81,29.99,59.81,3176,26.99,32.99
5/13/2023,29.99,26,780,326,206,117,0,131,29.99,59.81,29.99,59.81,3154,26.99,32.99
5/14/2023,29.99,5,150,63,40,22,0,25,29.99,59.81,29.99,59.81,3138,26.99,32.99
5/15/2023,29.69,13,386,163,103,58,29,33,29.99,59.81,29.99,59.81,3125,26.99,32.99
5/16/2023,28.29,20,566,251,158,85,38,34,29.99,59.81,29.99,59.81,3101,26.99,32.99
5/17/2023,28.39,38,1079,476,301,162,21,119,29.99,59.81,29.99,59.81,3087,26.99,32.99
5/18/2023,27.79,23,639,288,182,96,45,28,29.99,59.81,29.99,59.81,3063,26.99,32.99
5/19/2023,26.89,20,538,251,158,81,27,21,29.99,59.81,29.99,59.81,3039,26.99,32.99
5/20/2023,27.89,9,251,113,71,38,7,22,29.99,59.81,29.99,59.81,3025,26.99,32.99
5/21/2023,27.99,2,56,25,16,8,12,-5,29.99,59.81,29.99,59.81,3016,26.99,32.99
5/22/2023,27.99,38,1064,476,301,160,23,104,29.99,59.81,29.99,59.81,3004,26.99,32.99
5/23/2023,27.29,34,928,426,269,139,35,59,29.99,59.81,29.99,59.81,2976,26.99,32.99
5/24/2023,27.99,28,784,351,221,118,35,59,29.99,59.81,29.99,59.81,2950,26.99,32.99
5/25/2023,27.79,20,556,251,158,83,30,34,29.99,59.81,29.99,59.81,2913,26.99,32.99
5/26/2023,27.79,19,528,238,150,79,41,20,29.99,59.81,29.99,59.81,2879,26.99,32.99
5/27/2023,27.99,24,672,301,190,101,8,72,29.99,59.81,29.99,59.81,2865,26.99,32.99
5/28/2023,27.99,6,168,75,47,25,3,18,29.99,59.81,29.99,59.81,2856,26.99,32.99
5/29/2023,27.69,9,249,113,71,37,13,15,29.99,59.81,29.99,59.81,2826,26.99,32.99
5/30/2023,27.79,33,917,413,261,138,51,54,29.99,59.81,29.99,59.81,2814,26.99,32.99
5/31/2023,27.79,33,917,413,261,138,50,55,29.99,59.81,29.99,59.81,2798,26.99,32.99
6/1/2023,27.79,31,861,388,245,129,77,22,29.99,59.81,29.99,59.81,2751,26.99,32.99
6/2/2023,27.89,33,920,413,261,138,41,67,29.99,48.99,29.99,48.99,2726,26.99,32.99
6/3/2023,27.99,9,252,113,71,38,18,12,29.99,48.99,29.99,48.99,2704,26.99,32.99
6/4/2023,27.89,16,446,200,127,67,7,45,29.99,48.99,29.99,48.99,2687,26.99,32.99
6/5/2023,26.29,37,973,464,293,146,26,44,29.99,48.99,29.99,48.99,2667,26.99,32.99
6/6/2023,24.49,58,1420,727,459,213,59,-38,29.99,48.99,29.99,48.99,2645,26.99,32.99
6/7/2023,27.79,25,695,313,198,104,51,29,29.99,48.99,29.99,48.99,2611,26.99,32.99
6/8/2023,27.99,29,812,363,229,122,26,72,29.99,48.99,29.99,48.99,2578,26.99,32.99
6/9/2023,27.79,29,806,363,229,121,9,84,29.99,58.81,29.99,58.81,2545,26.99,32.99
6/10/2023,27.29,0,0,0,0,0,3,-3,29.99,58.81,29.99,58.81,2525,26.99,32.99
6/11/2023,27.99,29,812,363,229,122,0,98,29.99,58.81,29.99,58.81,2499,26.99,32.99
6/12/2023,27.79,24,667,301,190,100,19,57,29.99,58.81,29.99,58.81,2452,26.99,32.99
6/13/2023,27.79,33,917,413,261,138,14,91,29.99,58.81,29.99,58.81,2440,26.99,32.99
6/14/2023,27.59,32,883,401,253,132,20,77,29.99,58.81,29.99,58.81,2423,26.99,32.99
6/15/2023,27.79,26,723,326,206,108,16,67,29.99,58.81,29.99,58.81,2397,26.99,32.99
6/16/2023,24.99,41,1025,514,324,154,9,24,29.99,59.38,29.99,59.38,2374,26.99,32.99
6/17/2023,27.89,6,167,75,47,25,4,16,29.99,59.38,29.99,59.38,2360,26.99,32.99
6/18/2023,27.99,2,56,25,16,8,0,7,29.99,59.38,29.99,59.38,2352,26.99,32.99
6/19/2023,27.79,25,695,313,198,104,25,55,29.99,59.38,29.99,59.38,2630,26.99,32.99
6/20/2023,27.89,30,837,376,237,126,11,87,29.99,59.38,29.99,59.38,2608,26.99,32.99
6/21/2023,27.69,12,332,150,95,50,21,16,29.99,59.38,29.99,59.38,2577,26.99,32.99
6/22/2023,27.89,19,530,238,150,80,18,44,29.99,59.38,29.99,59.38,2558,26.99,32.99
6/23/2023,27.89,16,446,200,127,67,18,34,29.99,59.38,29.99,59.38,2543,26.99,32.99
6/24/2023,27.99,6,168,75,47,25,12,9,29.99,59.38,29.99,59.38,2529,26.99,32.99
6/25/2023,27.99,26,728,326,206,109,6,81,29.99,59.38,29.99,59.38,2521,26.99,32.99
6/26/2023,27.89,21,586,263,166,88,31,38,29.99,59.38,29.99,59.38,2485,26.99,32.99
6/27/2023,27.89,19,530,238,150,80,20,42,29.99,59.38,29.99,59.38,2471,26.99,32.99
6/28/2023,27.79,26,723,326,206,108,28,55,29.99,59.38,29.99,59.38,2446,26.99,32.99
6/29/2023,24.59,36,885,451,285,133,44,-28,29.99,59.38,29.99,59.38,2427,26.99,32.99
6/30/2023,27.89,27,753,338,214,113,47,41,29.99,59.42,29.99,59.42,2376,26.99,32.99
7/1/2023,27.99,6,168,75,47,25,25,-4,29.99,59.42,29.99,59.42,2365,26.99,32.99
7/2/2023,27.89,7,195,88,55,29,4,19,29.99,59.42,29.99,59.42,2350,26.99,32.99
7/3/2023,27.89,22,614,276,174,92,36,36,29.99,59.42,29.99,59.42,2336,26.99,32.99
7/4/2023,27.99,3,84,38,24,13,10,-1,29.99,59.42,29.99,59.42,2312,26.99,32.99
7/5/2023,27.59,24,662,301,190,99,16,56,29.99,59.42,29.99,59.42,2297,26.99,32.99
7/6/2023,27.89,59,1646,739,467,247,97,96,29.99,59.42,29.99,59.42,2120,26.99,32.99
7/7/2023,27.89,29,809,363,229,121,41,55,29.99,58.81,29.99,58.81,2105,26.99,32.99
7/8/2023,27.89,6,167,75,47,25,9,11,29.99,58.81,29.99,58.81,2241,26.99,32.99
7/9/2023,27.99,25,700,313,198,105,0,84,29.99,58.81,29.99,58.81,2922,26.99,32.99
7/10/2023,27.89,25,697,313,198,105,9,72,29.99,58.81,29.99,58.81,2880,26.99,32.99
7/11/2023,26.89,30,807,376,237,121,23,50,29.99,58.81,29.99,58.81,2864,26.99,32.99
7/12/2023,27.89,41,1143,514,324,171,48,86,29.99,58.81,29.99,58.81,2844,26.99,32.99
7/13/2023,27.99,19,532,238,150,80,52,12,29.99,58.81,29.99,58.81,2823,26.99,32.99
7/14/2023,27.79,23,639,288,182,96,62,11,29.99,53.94,29.99,53.94,2808,26.99,32.99
7/15/2023,27.99,7,196,88,55,29,38,-14,29.99,53.94,29.99,53.94,2792,26.99,32.99
7/16/2023,27.79,7,195,88,55,29,26,-3,29.99,53.94,29.99,53.94,2773,26.99,32.99
7/17/2023,26.69,25,667,313,198,100,77,-21,29.99,53.94,29.99,53.94,2754,26.99,32.99
7/18/2023,27.59,27,745,338,214,112,81,0,29.99,53.94,29.99,53.94,2727,26.99,32.99
7/19/2023,27.89,14,390,175,111,58,70,-24,29.99,53.94,29.99,53.94,2701,26.99,32.99
7/20/2023,27.99,79,2211,990,625,332,49,215,29.99,53.94,29.99,53.94,2678,26.99,32.99
7/21/2023,27.49,25,687,313,198,103,64,9,29.99,53.94,29.99,53.94,2644,26.99,32.99
7/22/2023,27.79,5,139,63,40,21,21,-6,29.99,53.94,29.99,53.94,2591,26.99,32.99
7/23/2023,27.99,24,672,301,190,101,13,67,29.99,53.94,29.99,53.94,2560,26.99,32.99
7/24/2023,27.79,28,778,351,221,117,122,-33,29.99,53.94,29.99,53.94,2525,26.99,32.99
7/25/2023,27.89,28,781,351,221,117,71,21,29.99,53.94,29.99,53.94,2524,26.99,32.99
7/26/2023,27.89,45,1255,564,356,188,98,49,29.99,53.94,29.99,53.94,2492,26.99,32.99
7/27/2023,27.79,25,695,313,198,104,23,57,29.99,53.94,29.99,53.94,2449,26.99,32.99
7/28/2023,27.79,10,278,125,79,42,42,-10,29.99,53.94,29.99,53.94,2419,26.99,32.99
7/29/2023,27.99,14,392,175,111,59,12,35,29.99,53.94,29.99,53.94,2404,26.99,32.99
7/30/2023,27.79,4,111,50,32,17,14,-2,29.99,53.94,29.99,53.94,2393,26.99,32.99
7/31/2023,27.89,22,614,276,174,92,49,23,29.99,53.94,29.99,53.94,2371,26.99,32.99
8/1/2023,27.89,29,809,363,229,121,64,32,29.99,53.94,29.99,53.94,2352,26.99,32.99
8/2/2023,27.59,45,1242,564,356,186,52,84,29.99,53.94,29.99,53.94,2330,26.99,32.99
8/3/2023,27.89,32,892,401,253,134,57,47,29.99,53.94,29.99,53.94,2304,26.99,32.99
8/4/2023,27.89,10,279,125,79,42,16,17,29.99,53.94,29.99,53.94,2262,26.99,32.99
8/5/2023,27.99,9,252,113,71,38,31,-1,29.99,53.94,29.99,53.94,2228,26.99,32.99
8/6/2023,27.99,29,812,363,229,122,23,75,29.99,53.94,29.99,53.94,2221,26.99,32.99
8/7/2023,27.59,36,993,451,285,149,37,71,29.99,53.94,29.99,53.94,2185,26.99,32.99
8/8/2023,27.89,36,1004,451,285,151,55,62,29.99,53.94,29.99,53.94,2166,26.99,32.99
8/9/2023,27.29,21,573,263,166,86,27,31,29.99,53.94,29.99,53.94,2142,26.99,32.99
8/10/2023,27.89,26,725,326,206,109,51,33,29.99,53.94,29.99,53.94,2101,26.99,32.99
8/11/2023,27.69,16,443,200,127,66,26,24,29.99,53.94,29.99,53.94,2071,26.99,32.99
8/12/2023,27.99,9,252,113,71,38,6,24,29.99,53.94,29.99,53.94,2060,26.99,32.99
8/13/2023,27.89,10,279,125,79,42,26,7,29.99,53.94,29.99,53.94,2045,26.99,32.99
8/14/2023,27.69,17,471,213,134,71,40,13,29.99,53.94,29.99,53.94,2031,26.99,32.99
8/15/2023,27.69,28,775,351,221,116,44,43,29.99,53.94,29.99,53.94,2013,26.99,32.99
8/16/2023,27.49,28,770,351,221,116,54,28,29.99,53.94,29.99,53.94,1988,26.99,32.99
8/17/2023,27.89,24,669,301,190,100,20,58,29.99,53.94,29.99,53.94,1957,26.99,32.99
8/18/2023,27.79,13,361,163,103,54,29,12,29.99,53.94,29.99,53.94,1931,26.99,32.99
8/19/2023,27.99,8,224,100,63,34,24,3,29.99,53.94,29.99,53.94,1919,26.99,32.99
8/20/2023,27.99,30,840,376,237,126,17,84,29.99,53.94,29.99,53.94,1901,26.99,32.99
8/21/2023,27.99,17,476,213,134,71,16,42,29.99,53.94,29.99,53.94,1878,26.99,32.99
8/22/2023,27.59,31,855,388,245,128,51,43,29.99,53.94,29.99,53.94,1848,26.99,32.99
8/23/2023,27.69,12,332,150,95,50,38,-1,29.99,53.94,29.99,53.94,1828,26.99,32.99
8/24/2023,27.89,27,753,338,214,113,35,53,29.99,53.94,29.99,53.94,1808,26.99,32.99
8/25/2023,27.69,23,637,288,182,96,29,42,29.99,53.94,29.99,53.94,1792,26.99,32.99
8/26/2023,27.99,2,56,25,16,8,15,-8,29.99,53.94,29.99,53.94,1764,26.99,32.99
8/27/2023,27.79,8,222,100,63,33,16,10,29.99,53.94,29.99,53.94,1754,26.99,32.99
8/28/2023,27.89,23,641,288,182,96,53,22,29.99,53.94,29.99,53.94,1734,26.99,32.99
8/29/2023,27.79,22,611,276,174,92,57,12,29.99,53.94,29.99,53.94,1727,26.99,32.99
8/30/2023,27.49,25,687,313,198,103,30,43,29.99,53.94,29.99,53.94,1703,26.99,32.99
8/31/2023,27.79,40,1112,501,316,167,50,78,29.99,53.94,29.99,53.94,1682,26.99,32.99
9/1/2023,27.89,14,390,175,111,58,23,23,29.99,53.94,29.99,53.94,1652,26.99,32.99
9/2/2023,27.89,6,167,75,47,25,25,-5,29.99,53.94,29.99,53.94,1628,26.99,32.99
9/3/2023,27.99,26,728,326,206,109,36,51,29.99,53.94,29.99,53.94,1615,26.99,32.99
9/4/2023,27.99,14,392,175,111,59,30,17,29.99,53.94,29.99,53.94,1585,26.99,32.99
9/5/2023,27.29,57,1556,714,451,233,31,127,29.99,53.94,29.99,53.94,1561,26.99,32.99
9/6/2023,27.59,17,469,213,134,70,73,-21,29.99,53.94,29.99,53.94,1535,26.99,32.99
9/7/2023,27.69,56,1551,702,443,233,65,108,29.99,53.94,29.99,53.94,1492,26.99,32.99
9/8/2023,27.69,31,858,388,245,129,25,71,29.99,53.94,29.99,53.94,1469,26.99,32.99
9/9/2023,27.99,5,140,63,40,21,6,10,29.99,53.94,29.99,53.94,1435,26.99,32.99
9/10/2023,27.99,7,196,88,55,29,13,11,29.99,53.94,29.99,53.94,1409,26.99,32.99
9/11/2023,27.89,27,753,338,214,113,44,44,29.99,53.94,29.99,53.94,1382,26.99,32.99
9/12/2023,29.99,43,1290,539,340,190,68,153,29.99,53.94,29.99,53.94,1364,26.99,32.99
9/13/2023,29.99,29,870,363,229,130,46,102,29.99,53.94,29.99,53.94,1340,26.99,32.99
9/14/2023,29.69,27,802,338,214,120,18,112,29.99,53.94,29.99,53.94,1300,26.99,32.99
9/15/2023,29.99,28,840,351,221,126,19,123,29.99,53.94,29.99,53.94,1257,26.99,32.99
9/16/2023,29.99,25,750,313,198,112,18,109,29.99,53.94,29.99,53.94,1231,26.99,32.99
